<record xmlns="http://www.loc.gov/MARC21/slim" xmlns:xsi="http://www.w3.org/2001/XMLSchema-instance" xsi:schemaLocation="http://www.loc.gov/MARC21/slim http://www.loc.gov/standards/marcxml/schema/MARC21slim.xsd"><leader>     nam a22        4500</leader><controlfield tag="001">3073690</controlfield><controlfield tag="003">NNC</controlfield><controlfield tag="006">m        d        </controlfield><controlfield tag="007">cr cn |||m|||a</controlfield><controlfield tag="008">150316s1929    sy      o     000 0 arard</controlfield><datafield ind1=" " ind2=" " tag="040"><subfield code="a">NNU</subfield><subfield code="b">eng</subfield><subfield code="e">rda</subfield><subfield code="c">NNU</subfield></datafield><datafield ind1=" " ind2=" " tag="090"><subfield code="a">DS37.3.D42</subfield><subfield code="b">T43</subfield></datafield><datafield ind1="1" ind2=" " tag="100"><subfield code="6">880-01</subfield><subfield code="a">T&#803;aht&#803;a&#772;wi&#772;, Ah&#803;mad Ra&#772;fi&#699;,</subfield><subfield code="d">1858 or 1859-1936 or 1937.</subfield></datafield><datafield ind1="1" ind2="3" tag="245"><subfield code="6">880-02</subfield><subfield code="a">al-Tanbi&#772;h wa-al-i&#772;qa&#772;z&#803; li-ma&#772; fa&#772; dhuyu&#772;l Tadhkirat al-h&#803;uffa&#772;z&#803; /</subfield><subfield code="c">li-Ah&#803;mad Ra&#772;fi&#699; al-H&#803;usini&#772; al-Qa&#772;simi&#772; al-T&#803;aht&#803;awi&#772; al-H&#803;anafi&#772;.</subfield></datafield><datafield ind1=" " ind2=" " tag="260"><subfield code="6">880-03</subfield><subfield code="a">Dimashq :</subfield><subfield code="b">Mat&#803;b&#699;at al-Taraqqi&#772;,</subfield><subfield code="c">1348 [1929 or 30]</subfield></datafield><datafield ind1=" " ind2=" " tag="300"><subfield code="a">online resource (166 pages)</subfield></datafield><datafield ind1=" " ind2=" " tag="336"><subfield code="a">text</subfield><subfield code="2">rdacontent</subfield></datafield><datafield ind1=" " ind2=" " tag="337"><subfield code="a">computer</subfield><subfield code="2">rdamedia</subfield></datafield><datafield ind1=" " ind2=" " tag="338"><subfield code="a">online resource</subfield><subfield code="2">rdacarrier</subfield></datafield><datafield ind1=" " ind2=" " tag="500"><subfield code="a">Part of the Arabic Collections Online (ACO) project, contributed by Columbia University Libraries.</subfield></datafield><datafield ind1=" " ind2=" " tag="533"><subfield code="a">Electronic reproduction.</subfield><subfield code="b">New York, N.Y. :</subfield><subfield code="c">New York University,</subfield><subfield code="d">2015.</subfield><subfield code="5">NNU</subfield></datafield><datafield ind1="1" ind2="0" tag="600"><subfield code="6">880-04</subfield><subfield code="a">Dhahabi&#772;, Muh&#803;ammad ibn Ah&#803;mad,</subfield><subfield code="d">1274-1348.</subfield><subfield code="t">Tadhkirat al-h&#803;uffa&#772;z&#803;.</subfield></datafield><datafield ind1="2" ind2=" " tag="710"><subfield code="a">Columbia University.</subfield><subfield code="b">Libraries.</subfield></datafield><datafield ind1="0" ind2=" " tag="730"><subfield code="a">Arabic Collections Online.</subfield></datafield><datafield ind1="0" ind2="8" tag="776"><subfield code="i">Online version:</subfield><subfield code="a">T&#803;aht&#803;a&#772;wi&#772;, Ah&#803;mad Ra&#772;fi&#699;, 1858 or 9-1936 or 7.</subfield><subfield code="t">Tanbi&#772;h wa-al-i&#772;qa&#772;z&#803; li-ma&#772; fa&#772; dhuyu&#772;l Tadhkirat al-h&#803;uffa&#772;z&#803;.</subfield><subfield code="d">Dimashq, Mat&#803;b&#699;at al-Taraqqi&#772;, 1348 [1929 or 30]</subfield><subfield code="w">(OCoLC)609849882</subfield></datafield><datafield ind1="0" ind2="8" tag="776"><subfield code="i">Print version:</subfield><subfield code="a">T&#803;aht&#803;a&#772;wi&#772;, Ah&#803;mad Ra&#772;fi&#699;, 1858 or 1859-1936 or 1937.</subfield><subfield code="t">al-Tanbi&#772;h wa-al-i&#772;qa&#772;z&#803; li-ma&#772; fa&#772; dhuyu&#772;l Tadhkirat al-h&#803;uffa&#772;z&#803;</subfield><subfield code="w">(NNC)3073690</subfield><subfield code="w">(OCoLC)15299706</subfield></datafield><datafield ind1="4" ind2="0" tag="856"><subfield code="u">http://hdl.handle.net/2333.1/08kprtcg</subfield></datafield><datafield ind1="1" ind2=" " tag="880"><subfield code="6">100-01/r</subfield><subfield code="a">&#1591;&#1607;&#1591;&#1575;&#1608;&#1610;&#1548; &#1575;&#1581;&#1605;&#1583; &#1585;&#1575;&#1601;&#1593;.</subfield></datafield><datafield ind1="1" ind2="2" tag="880"><subfield code="6">245-02/r</subfield><subfield code="a">&#1575;&#1604;&#1578;&#1606;&#1576;&#1610;&#1607; &#1608;&#1575;&#1604;&#1575;&#1610;&#1602;&#1575;&#1592; &#1604;&#1605;&#1575; &#1601;&#1610; &#1584;&#1610;&#1608;&#1604; &#1578;&#1584;&#1603;&#1585;&#1577; &#1575;&#1604;&#1581;&#1601;&#1575;&#1592; /</subfield><subfield code="c">&#1604;&#1575;&#1581;&#1605;&#1583; &#1585;&#1575;&#1601;&#1593; &#1575;&#1604;&#1581;&#1587;&#1610;&#1606;&#1610; &#1575;&#1604;&#1602;&#1575;&#1587;&#1605;&#1610; &#1575;&#1604;&#1591;&#1607;&#1591;&#1575;&#1608;&#1610; &#1575;&#1604;&#1581;&#1606;&#1601;&#1610;.</subfield></datafield><datafield ind1=" " ind2=" " tag="880"><subfield code="6">260-03/r</subfield><subfield code="a">&#1583;&#1605;&#1588;&#1602; :</subfield><subfield code="b">&#1605;&#1591;&#1576;&#1593;&#1577; &#1575;&#1604;&#1578;&#1585;&#1602;&#1610;&#1548;</subfield><subfield code="c">1348.</subfield></datafield><datafield ind1="1" ind2="4" tag="880"><subfield code="6">600-04/r</subfield><subfield code="a">&#1584;&#1607;&#1576;&#1610;&#1548; &#1605;&#1581;&#1605;&#1583; &#1576;&#1606; &#1575;&#1581;&#1605;&#1583;.</subfield><subfield code="t">&#1578;&#1584;&#1603;&#1585;&#1577; &#1575;&#1604;&#1581;&#1601;&#1575;&#1592;.</subfield></datafield><datafield ind1=" " ind2=" " tag="959"><subfield code="a">NNU</subfield><subfield code="b">WEB</subfield><subfield code="c">GENI</subfield><subfield code="t">0</subfield><subfield code="m">Electronic access</subfield><subfield code="s">01</subfield></datafield><datafield ind1=" " ind2=" " tag="999"><subfield code="i">NNC_3073690</subfield><subfield code="o">(OCoLC)ocm15299706</subfield><subfield code="e">(ERROR-880)</subfield><subfield code="s">columbia_aco000379</subfield></datafield></record>